@misc{demaine2015greedy,
  author       = {Erik Demaine},
  title        = {Lecture 12: Greedy Algorithms: Minimum Spanning Tree},
  year         = {2015},
  howpublished = {\url{https://ocw.mit.edu/courses/6-046j-design-and-analysis-of-algorithms-spring-2015/resources/lecture-12-greedy-algorithms-minimum-spanning-tree/}},
  note         = {Accessed: 2025-10-11},
  institution  = {Massachusetts Institute of Technology, MIT OpenCourseWare},
}

@misc{leiserson2005greedy,
  author       = {Charles Leiserson},
  title        = {Lecture 16: Greedy Algorithms, Minimum Spanning Trees},
  year         = {2005},
  howpublished = {\url{https://ocw.mit.edu/courses/6-046j-introduction-to-algorithms-sma-5503-fall-2005/resources/lecture-16-greedy-algorithms-minimum-spanning-trees/}},
  note         = {Accessed: 2025-10-11},
  institution  = {Massachusetts Institute of Technology, MIT OpenCourseWare},
}

@book{cormen2022algorithms,
  title        = {Introduction to Algorithms},
  author       = {Thomas H. Cormen and Charles E. Leiserson and Ronald L. Rivest and Clifford Stein},
  publisher    = {The MIT Press},
  edition      = {4th},
  year         = {2022},
  address      = {Cambridge, MA},
  isbn         = {978-0262046305}
}

@book{baase2002algoritmos,
  author       = {Sara Baase and Allen Van Gelder},
  title        = {Algoritmos Computacionales: Introducción al análisis y diseño},
  edition      = {3rd},
  year         = {2002},
  publisher    = {Pearson Educación de México, S.A. de C.V.},
  address      = {Mexico City, Mexico},
  isbn         = {970-26-0142-8}
}
