@MISC{leiserson1:2005,
    HOWPUBLISHED = "\url{https://ocw.mit.edu/courses/6-046j-introduction-to-algorithms-sma-5503-fall-2005/resources/ps1/}",
    AUTHOR = "Charles Leiserson & Erik Demaine",
    TITLE = "Introduction to Algorithms (SMA 5503)",
    YEAR = "2005",
    NOTE = "Accessed on 05-02-2025"
}
@MISC{leiserson2:2005,
    HOWPUBLISHED = "\url{https://ocw.mit.edu/courses/6-046j-introduction-to-algorithms-sma-5503-fall-2005/resources/ps1sol/}",
    AUTHOR = "Charles Leiserson & Erik Demaine",
    TITLE = "Introduction to Algorithms (SMA 5503)",
    YEAR = "2005",
    NOTE = "Accessed on 05-02-2025"
}
@MISC{gfg:2023,
    HOWPUBLISHED = "\url{https://www.geeksforgeeks.org/find-bitonic-point-given-bitonic-sequence/}",
    AUTHOR = "geeksforgeeks.org",
    TITLE = "Find bitonic point in given bitonic sequence",
    YEAR = "2023",
    NOTE = "Accessed on 05-02-2025"
}