@misc{gfg_activity_selection,
  author       = {{GeeksforGeeks}},
  title        = {Activity Selection Problem/Greedy Algo-1},
  year         = {2025},
  url          = {https://www.geeksforgeeks.org/activity-selection-problem-greedy-algo-1/},
  note         = {Accessed: 2025-05-29}
}

@misc{w3schools_knapsack,
  author       = {{W3Schools}},
  title        = {0/1 Knapsack Problem},
  year         = {2024},
  url          = {https://www.w3schools.com/dsa/dsa_ref_knapsack.php},
  note         = {Accessed: 2025-05-29}
}

@misc{gfg_huffman_video,
  author       = {{GeeksforGeeks}},
  title        = {Huffman Coding/Greedy Algorithm},
  year         = {2020},
  url          = {https://www.youtube.com/watch?v=0kNXhFIEd_w},
  note         = {Accessed: 2025-05-29}
}

