@misc{datacamp_sql_triggers,
  author       = {Jeremiah, Oluseye},
  title        = {SQL Triggers: A Beginner's Guide},
  year         = {2024},
  url          = {https://www.datacamp.com/tutorial/sql-triggers},
  note         = {Accessed: 2025-05-19}
}

@misc{edureka_sql_triggers,
  author       = {{Edureka!}},
  title        = {Triggers In SQL | Triggers In Database | SQL Triggers Tutorial For Beginners},
  year         = 2023,
  url          = {https://www.youtube.com/watch?v=MhsL8ke7IJY},
  note         = {Accessed: 2025-05-19}
}

@misc{hdeleon_trigger_sqlserver,
  author       = {hdeleon.net},
  title        = {¿Qué diablos es un Trigger? | ejemplo sencillo en Sql Server},
  year         = {2018},
  url          = {https://www.youtube.com/watch?v=uTx7xd4ojkk},
  note         = {Accessed: 2025-05-19}
}
