@misc{demaine2015complexity,
  author       = {Erik Demaine},
  title        = {Lecture 16: Complexity: {P}, {NP}, {NP}-completeness, Reductions},
  year         = {2015},
  howpublished = {\url{https://ocw.mit.edu/courses/6-046j-design-and-analysis-of-algorithms-spring-2015/resources/lecture-16-complexity-p-np-np-completeness-reductions/}},
  note         = {Accessed: 2025-05-13},
  institution  = {Massachusetts Institute of Technology, MIT OpenCourseWare},
}

@book{cormen2022algorithms,
  title        = {Introduction to Algorithms},
  author       = {Thomas H. Cormen and Charles E. Leiserson and Ronald L. Rivest and Clifford Stein},
  publisher    = {The MIT Press},
  edition      = {4th},
  year         = {2022},
  address      = {Cambridge, MA},
  isbn         = {978-0262046305}
}

@book{baase2002algoritmos,
  author       = {Sara Baase and Allen Van Gelder},
  title        = {Algoritmos Computacionales: Introducción al análisis y diseño},
  edition      = {3rd},
  year         = {2002},
  publisher    = {Pearson Educación de México, S.A. de C.V.},
  address      = {Mexico City, Mexico},
  isbn         = {970-26-0142-8},
  note         = {Spanish version of the original English work ``Computer Algorithms: Introduction to Design and Analysis'' published by Addison-Wesley Longman, Inc.},
}

