@article{chen1976entity,
  title={The entity-relationship modelâ€”toward a unified view of data},
  author={Chen, Peter Pin-Shan},
  journal={ACM Transactions on Database Systems (TODS)},
  volume={1},
  number={1},
  pages={9--36},
  year={1976},
  publisher={ACM New York, NY, USA}
}

@book{demiguel1999fundamentos,
  title={Fundamentos y modelos de bases de datos},
  author={Miguel Casta{\~n}o, Adoraci{\'o}n de and Piattini Velthuis, Mario Gerardo},
  year={1999},
  publisher={Alfaomega Grupo Editor},
  address={M{\'e}xico, D.F.},
  edition={2a ed.}
}