@book{Levitin2012,
  author = {Levitin, Anany V.},
  title = {Introduction to the Design and Analysis of Algorithms},
  year = {2012},
  isbn = {978-0-13-231681-1},
  publisher = {Pearson},
  address = {USA}
}

@book{skiena2020algorithm,
  title     = {The Algorithm Design Manual},
  author    = {Skiena, Steven S.},
  year      = {2020},
  edition   = {3rd},
  publisher = {Springer},
  address   = {Cham, Switzerland},
  isbn      = {978-3-030-54255-6},
  doi       = {10.1007/978-3-030-54256-3}
}

@online{geeksforgeeks_brute_force,
  title     = {Brute Force Approach and its Pros and Cons},
  author    = {{GeeksforGeeks Contributors}},
  year      = {2024},
  url       = {https://www.geeksforgeeks.org/brute-force-approach-and-its-pros-and-cons/},
  note      = {Accessed: 2025-05-20}
}

